%%% ARTICLES %%%

@article{booij1985coordination,
  title={Coordination reduction in complex words: A case for prosodic phonology},
  author={Booij, Geert},
  journal={Advances in nonlinear phonology},
  volume={7},
  pages={143--160},
  year={1985},
  publisher={Foris Publications Dordrecht}
}

@article{broadwell2008turkish,
author = {Broadwell, George Aaron},
journal = {Proceedings of the LFG08 Conference},
title = {Turkish Suspended Affixation Is Lexical Sharing},
volume = {198},
year = {2008}
}

@article{bruening2018word,
author = {Bruening, Benjamin T.},
doi = {10.5334/gjgl.470},
journal = {Glossa: a journal of general linguistics},
number = {1},
pages = {102},
publisher = {Ubiquity Press},
title = {{Word formation is syntactic: Raising in nominalizations}},
volume = {3},
year = {2018}
}

@article{burkner2017brms,
title = {{brms}: An {R} Package for {Bayesian} Multilevel Models Using {Stan}},
author = {Paul Christian Bürkner},
journal = {Journal of Statistical Software},
year = {2017},
volume = {80},
number = {1},
pages = {1--28},
doi = {10.18637/jss.v080.i01},
encoding = {UTF-8},
}

@article{chomsky1999derivation,
author = {Chomsky, Noam},
journal = {MIT occasional papers in linguistics},
title = {Derivation by phase},
volume = {18},
year = {1999}
}

@article{christianson2001thematic,
author = {Christianson, Kiel and Hollingworth, Andrew and Halliwell, John F. and Ferreira, Fernanda},
doi = {10.1006/cogp.2001.0752},
journal = {Cognitive Psychology},
number = {4},
pages = {368--407},
title = {Thematic roles assigned along the garden path linger},
volume = {42},
year = {2001}
}

@article{cinque2001note,
author = {Cinque, Guglielmo},
journal = {The verb in Turkish},
pages = {47--59},
publisher = {Amsterdam: John Benjamins Publishing Company},
title = {A note on mood, modality, tense and aspect affixes in {Turkish}},
year = {2001}
}

@article{comrie2008leipzig,
author = {Comrie, Bernard and Haspelmath, Martin and Bickel, Balthasar},
journal = {Department of Linguistics of the Max Planck Institute for Evolutionary Anthropology {\&} the Department of Linguistics of the University of Leipzig. Retrieved January},
pages = {2010},
title = {The {Leipzig} Glossing Rules: Conventions for interlinear morpheme-by-morpheme glosses},
volume = {28},
year = {2008}
}

@article{cousineau2017varieties,
author = {Cousineau, Denis},
doi = {10.5709/acp-0214-z},
journal = {Advances in Cognitive Psychology},
number = {2},
pages = {140--155},
title = {Varieties of confidence intervals},
volume = {13},
year = {2017}
}

@article{despic2017suspended,
author = {Despi{\'{c}}, Miloje},
doi = {10.5334/gjgl.130},
journal = {Glossa: a journal of general linguistics},
number = {1},
pages = {1--43},
publisher = {Ubiquity Press},
title = {Suspended morphology in {Serbian}: clitics vs. affixes},
volume = {2},
year = {2017}
}

@article{embick2005status,
author = {Embick, David and Halle, Morris},
journal = {Amsterdam Studies in the Theory and History of Linguistic Science Series 4},
pages = {37},
publisher = {Citeseer},
title = {On the status of stems in morphological theory},
volume = {270},
year = {2005}
}

@article{erdal2000clitics,
author = {Erdal, Marcel},
journal = {Studies on Turkish and Turkic Languages},
pages = {12--14},
title = {Clitics in {Turkish}},
year = {2000}
}

@article{erschler2009possession,
author = {Erschler, David},
doi = {10.1515/LITY.2009.021},
journal = {Linguistic Typology},
number = {3},
pages = {417--450},
publisher = {Walter de Gruyter GmbH {\&} Co. KG},
title = {Possession marking in {Ossetic}: Arguing for Caucasian influences},
volume = {13},
year = {2009}
}

@article{erschler2018suspended,
author = {Erschler, David},
doi = {10.5334/gjgl.501},
journal = {Glossa},
number = {1},
title = {Suspended Affixation as Morpheme Ellipsis: Evidence from {Ossetic} Alternative Questions},
volume = {3},
year = {2018}
}

@article{erschler2012suspended,
author = {Erschler, David},
doi = {10.1556/ALing.59.2012.1-2.7},
journal = {Acta Linguistica Hungarica (Since 2017 Acta Linguistica Academica)},
number = {1-2},
pages = {153--175},
publisher = {Akad{\'{e}}miai Kiad{\'{o}}},
title = {Suspended affixation in {Ossetic} and the structure of the syntax-morphology interface},
volume = {59},
year = {2012}
}

@article{ferreira2007good,
author = {Ferreira, Fernanda and Bailey, Karl G.D. and Ferraro, Vittoria},
doi = {10.1111/1467-8721.00158},
journal = {Current Directions in Psychological Science},
number = {1},
pages = {11--15},
title = {Good-enough representations in language comprehension},
volume = {11},
year = {2007}
}

@article{ferreira2001misinterpretations,
author = {Ferreira, Fernanda and Christianson, Kiel and Hollingworth, Andrew},
doi = {10.1023/A:1005290706460},
journal = {Journal of psycholinguistic research},
number = {1},
pages = {3--20},
publisher = {Springer},
title = {Misinterpretations of garden-path sentences: Implications for models of sentence processing and reanalysis},
volume = {30},
year = {2001}
}

@article{frazier1978sausage,
author = {Frazier, Lyn and Fodor, Janet Dean},
journal = {Cognition},
number = {4},
pages = {291--325},
publisher = {Elsevier},
title = {The sausage machine: A new two-stage parsing model},
volume = {6},
year = {1978}
}

@article{frazier2000processing,
  title={Processing coordinate structures},
  author={Frazier, Lyn and Munn, Alan and Clifton, Charles},
  journal={Journal of Psycholinguistic Research},
  volume={29},
  number={4},
  pages={343--370},
  year={2000},
  publisher={Springer}
}

@article{goksel2001auxiliary,
author = {Göksel, Aslı},
journal = {The Verb in Turkish. Amsterdam: John Benjamins},
mendeley-groups = {Thesis},
pages = {151--181},
title = {The auxiliary verb ol at the morphology-syntax interface},
year = {2001}
}

@article{good2005morphosyntax,
author = {Good, Jeff and Yu, Alan C L},
journal = {Clitic and affix combinations: Theoretical perspectives},
pages = {315--374},
publisher = {John Benjamins Publishing},
title = {Morphosyntax of two {Turkish} subject pronominal paradigms},
volume = {74},
year = {2005}
}

@article{guseva2017postsyntactic,
author = {Guseva, Elina and Weisser, Philipp},
journal = {Natural Language and Linguistic Theory},
mendeley-groups = {Thesis},
title = {Postsyntactic Reordering in the {Mari} Nominal Domain-Evidence from Suspended Affixation},
year = {2017}
}

@article{halle2000distributed,
  title={Distributed morphology: Impoverishment and fission},
  author={Halle, Morris},
  journal={Amsterdam Studies in the Theory and History of Linguistic Science Series 4},
  pages={125--150},
  year={2000},
  publisher={Amsterdam; Philadelphia; J. Benjamins Pub. Co; 1999}
}

@article{halle1994some,
author = {Halle, Morris and Marantz, Alec},
journal = {MIT working papers in linguistics},
number = {275},
pages = {88},
title = {Some key features of Distributed Morphology},
volume = {21},
year = {1994}
}

@article{hardie2012cqpweb,
author = {Hardie, Andrew},
journal = {International journal of corpus linguistics},
number = {3},
pages = {380--409},
publisher = {John Benjamins},
title = {CQPweb—combining power, flexibility and usability in a corpus analysis tool},
volume = {17},
year = {2012}
}

@article{Hofmeister2014,
author = {Hofmeister, Philip and Vasishth, Shravan},
doi = {10.3389/fpsyg.2014.01237},
journal = {Frontiers in Psychology},
number = {DEC},
pages = {1--13},
title = {Distinctiveness and encoding effects in online sentence comprehension},
volume = {5},
year = {2014}
}

@article{inkelas1993nimboran,
  title={Nimboran position class morphology},
  author={Inkelas, Sharon},
  journal={Natural Language \& Linguistic Theory},
  volume={11},
  number={4},
  pages={559--624},
  year={1993},
  publisher={Springer}
}

@article{ito1989notes,
author = {It{\^{o}}, Junko and Hankamer, Jorge},
journal = {Phonology at Santa Cruz},
pages = {61--69},
publisher = {University of California Santa Cruz},
title = {Notes on monosyllabism in {Turkish}},
volume = {1},
year = {1989}
}

@article{Jager2017,
author = {J{\"{a}}ger, Lena A. and Engelmann, Felix and Vasishth, Shravan},
doi = {10.1016/j.jml.2017.01.004},
journal = {Journal of Memory and Language},
pages = {316--339},
title = {Similarity-based interference in sentence comprehension: Literature review and Bayesian meta-analysis},
volume = {94},
year = {2017}
}
@article{johanson1995turkic,
author = {Johanson, Lars},
journal = {Haspelmath {\&} K{\"{o}}nig (eds.)},
pages = {313--348},
title = {On {Turkic} converb clauses},
volume = {1995},
year = {1995}
}

@article{kabak2007turkish,
author = {Kabak, Barış},
doi = {10.1515/LING.2007.010},
issn = {00243949},
journal = {Linguistics},
number = {2},
pages = {311--347},
publisher = {Walter de Gruyter},
title = {Turkish suspended affixation},
volume = {45},
year = {2007}
}

@article{kenesei2007semiwords,
author = {Kenesei, Istv{\'{a}}n and Others},
doi = {10.1556/ALing.54.2007.3.2},
journal = {Acta Linguistica Hungarica (Since 2017 Acta Linguistica Academica)},
number = {3},
pages = {263--293},
publisher = {Akad{\'{e}}miai Kiad{\'{o}}},
title = {Semiwords and affixoids: The territory between word and affix},
volume = {54},
year = {2007}
}

@article{kharytonava2011morphology,
author = {Kharytonava, Olga},
journal = {Coyote Papers: Working Papers in Linguistics, Linguistic Theory at the University of Arizona},
number = {4},
title = {The morphology of affix sharing in {Turkish}},
volume = {18},
year = {2011}
}

@article{kharytonava2012word,
author = {Kharytonava, Olga},
journal = {Studia uralo-altaica},
pages = {279--290},
title = {Word minimality and suspended affixation},
volume = {49},
year = {2012}
}

@article{kharytonava2012taming,
author = {Kharytonava, Volha},
journal = {Studia typologica: Irregularities in morphology},
pages = {167--185},
publisher = {Akademia Verlag Munich},
title = {Taming affixes in {Turkish}: with or without residue},
year = {2012}
}

@article{kornfilt1996some,
author = {Kornfilt, Jaklin},
journal = {ZAS papers in linguistics},
pages = {96--114},
publisher = {ZAS Berlin},
title = {On some copular clitics in {Turkish}},
volume = {6},
year = {1996}
}

@article{kornfilt1997turkish,
author = {Kornfilt, Jaklin},
journal = {London and New York: Routledge},
title = {Turkish},
year = {1997}
}

@article{kornfilt2012revisiting,
author = {Kornfilt, Jaklin},
journal = {Functional heads: The cartography of syntactic structures},
publisher = {OUP USA},
title = {Revisiting “Suspended Affixation” and Other Coordinate Mysteries},
volume = {7},
year = {2012}
}

@article{kruschke2011bayesian,
author = {Kruschke, John K},
journal = {Perspectives on Psychological Science},
number = {3},
pages = {299--312},
publisher = {Sage Publications Sage CA: Los Angeles, CA},
title = {Bayesian assessment of null values via parameter estimation and model comparison},
volume = {6},
year = {2011}
}

@article{levy2008expectation,
author = {Levy, Roger},
doi = {10.1016/j.cognition.2007.05.006},
journal = {Cognition},
number = {3},
pages = {1126--1177},
pmid = {17662975},
publisher = {Elsevier},
title = {Expectation-based syntactic comprehension},
volume = {106},
year = {2008}
}

@article{lewis2005activation,
author = {Lewis, Richard L. and Vasishth, Shravan},
doi = {10.1207/s15516709cog0000_25},
journal = {Cognitive science},
number = {3},
pages = {375--419},
publisher = {Wiley Online Library},
title = {An activation-based model of sentence processing as skilled memory retrieval},
volume = {29},
year = {2005}
}

@article{lieber2006lexical,
author = {Lieber, Rochelle and Scalise, Sergio},
doi = {10.1418/22010},
journal = {Lingue e Linguaggio},
number = {1},
pages = {7--32},
title = {The lexical integrity hypothesis in a new theoretical universe},
volume = {5},
year = {2006}
}

@article{logavcev2016multiple,
author = {Loga{\v{c}}ev, Pavel and Vasishth, Shravan},
doi = {10.1111/cogs.12228},
journal = {Cognitive Science},
number = {2},
pages = {266--298},
title = {A Multiple-Channel Model of Task-Dependent Ambiguity Resolution in Sentence Comprehension},
volume = {40},
year = {2016}
}

@article{MacDonald1994,
author = {MacDonald, Maryellen C. and Pearlmutter, Neal J. and Seidenberg, Mark S.},
doi = {10.1037/0033-295x.101.4.676},
journal = {Psychological Review},
title = {The lexical nature of syntactic ambiguity resolution.},
year = {1994}
}

@article{martin2011direct,
author = {Martin, Andrea E. and McElree, Brian},
doi = {10.1016/j.jml.2010.12.006},
journal = {Journal of memory and language},
number = {4},
pages = {327--343},
publisher = {Elsevier},
title = {Direct-access retrieval during sentence comprehension: evidence from sluicing},
volume = {64},
year = {2011}
}

@article{mendia2018spurious,
author = {Mendia, Jon Ander and Poole, Ethan and Dillon, Brian},
doi = {10.3765/salt.v28i0.4437},
journal = {Semantics and Linguistic Theory},
number = {2},
pages = {233--250},
title = {Spurious {NPI} licensing and exhaustification},
volume = {28},
year = {2018}
}

@article{merchant2015ineffable,
author = {Merchant, Jason},
doi = {10.1016/j.lingua.2015.03.010},
journal = {Lingua},
pages = {199--213},
publisher = {Elsevier},
title = {On ineffable predicates: Bilingual {Greek}--{English} code-switching under ellipsis},
volume = {166},
year = {2015}
}

@article{Miller1956,
author = {Miller, George A},
journal = {Psychological Review},
number = {2},
pages = {81--97},
title = {The magical number seven plus or minus two: some limits on our capacity for processing information},
volume = {63},
year = {1956}
}

@article{munn1987coordinate,
author = {Munn, Alan},
journal = {McGill working papers in linguistics},
number = {1},
pages = {121--140},
publisher = {McGill University},
title = {Coordinate structure and X-bar theory},
volume = {4},
year = {1987}
}

@article{ozturk2002turkish,
author = {\"{O}ztürk, Balkız},
journal = {The Verb in Turkish},
mendeley-groups = {Thesis},
pages = {239--259},
publisher = {Amsterdam: John Benjamins Publishing Company},
title = {Turkish as a non-pro-drop language},
year = {2001}
}

@article{ozturk2016possessive,
author = {\"{O}ztürk, Balkız and Taylan, Eser Erguvanlı},
journal = {Lingua},
pages = {88--108},
publisher = {Elsevier},
title = {Possessive constructions in {Turkish}},
volume = {182},
year = {2016}
}

@article{Parker2016,
author = {Parker, Dan and Phillips, Colin},
doi = {10.1016/j.cognition.2016.08.016},
journal = {Cognition},
pages = {321--339},
publisher = {Elsevier B.V.},
title = {Negative polarity illusions and the format of hierarchical encodings in memory},
volume = {157},
year = {2016}
}

@article{Slattery2013,
author = {Slattery, Timothy J. and Sturt, Patrick and Christianson, Kiel and Yoshida, Masaya and Ferreira, Fernanda},
doi = {10.1016/j.jml.2013.04.001},
journal = {Journal of Memory and Language},
number = {2},
pages = {104--120},
publisher = {Elsevier Inc.},
title = {Lingering misinterpretations of garden path sentences arise from competing syntactic representations},
volume = {69},
year = {2013}
}

@article{smith2000word,
author = {Smith, George},
journal = {Deutsche Grammatik in Theorie und Praxis},
pages = {57--68},
title = {Word remnants and coordination},
year = {2000}
}

@article{spencer2019manufacturing,
  title={Manufacturing consent over Distributed Morphology},
  author={Spencer, Andrew},
  journal={Word Structure},
  volume={12},
  number={2},
  pages={208--259},
  year={2019},
  publisher={Edinburgh University Press The Tun-Holyrood Road, 12 (2f) Jackson's Entry~…}
}

@article{Swets2008,
author = {Swets, Benjamin and Desmet, Timothy and Clifton, Charles and Ferreira, Fernanda},
doi = {10.3758/MC.36.1.201},
journal = {Memory and Cognition},
number = {1},
pages = {201--216},
title = {Underspecification of syntactic ambiguities: Evidence from self-paced reading},
volume = {36},
year = {2008}
}

@article{Traxler1996,
author = {Traxler, Matthew J. and Pickering, Martin J.},
doi = {10.1080/713755674},
journal = {Quarterly Journal of Experimental Psychology Section A: Human Experimental Psychology},
number = {4},
pages = {991--1004},
title = {Case-marking in the Parsing of Complement Sentences: Evidence from Eye Movements},
volume = {49},
year = {1996}
}

@article{traxler1998adjunct,
author = {Traxler, Matthew J. and Pickering, Martin J. and Clifton, Charles},
doi = {10.1006/jmla.1998.2600},
journal = {Journal of Memory and Language},
number = {4},
pages = {558--592},
publisher = {Elsevier},
title = {Adjunct attachment is not a form of lexical ambiguity resolution},
volume = {39},
year = {1998}
}

@article{van2012memory,
author = {van Dyke, Julie A. and Johns, Clinton L.},
doi = {10.1002/lnc3.330},
journal = {Language and linguistics compass},
number = {4},
pages = {193--211},
publisher = {Wiley Online Library},
title = {Memory interference as a determinant of language comprehension},
volume = {6},
year = {2012}
}

@article{VanDyke2006,
author = {van Dyke, Julie A. and McElree, Brian},
doi = {10.1016/j.jml.2006.03.007},
journal = {Journal of Memory and Language},
number = {2},
pages = {157--166},
title = {Retrieval interference in sentence comprehension},
volume = {55},
year = {2006}
}

@article{van2001reanalysis,
author = {van Gompel, Roger P.G. and Pickering, Martin J. and Traxler, Matthew J.},
doi = {10.1006/jmla.2001.2773},
journal = {Journal of Memory and Language},
number = {2},
pages = {225--258},
publisher = {Elsevier},
title = {Reanalysis in sentence processing: Evidence against current constraint-based and two-stage models},
volume = {45},
year = {2001}
}

@article{van2006activation,
author = {van Gompel, Roger P.G. G and Pickering, Martin J. and Pearson, Jamie and Jacob, Gunnar},
doi = {10.1016/j.jml.2006.06.004},
journal = {Journal of Memory and Language},
number = {3},
pages = {335--362},
publisher = {Elsevier},
title = {The activation of inappropriate analyses in garden-path sentences: Evidence from structural priming},
volume = {55},
year = {2006}
}

@article{van2005evidence,
author = {van Gompel, Roger P.G. G and Pickering, Martin J. and Pearson, Jamie and Liversedge, Simon P.},
doi = {10.1016/j.jml.2004.11.003},
journal = {Journal of Memory and Language},
number = {2},
pages = {284--307},
publisher = {Elsevier},
title = {Evidence against competition during syntactic ambiguity resolution},
volume = {52},
year = {2005}
}

@article{vasishth2018statistical,
author = {Vasishth, Shravan and Mertzen, Daniela and J{\"{a}}ger, Lena A. and Gelman, Andrew},
doi = {10.1016/j.jml.2018.07.004},
journal = {Journal of Memory and Language},
number = {i},
pages = {151--175},
publisher = {Elsevier},
title = {The statistical significance filter leads to overoptimistic expectations of replicability},
volume = {103},
year = {2018}
}

@article{wagenmakers2007practical,
author = {Wagenmakers, Eric Jan},
doi = {10.3758/BF03194105},
journal = {Psychonomic Bulletin and Review},
number = {5},
pages = {779--804},
title = {A practical solution to the pervasive problems of p values},
volume = {14},
year = {2007}
}

@article{wagers2009agreement,
author = {Wagers, Matthew W. and Lau, Ellen F. and Phillips, Colin},
doi = {10.1016/j.jml.2009.04.002},
journal = {Journal of Memory and Language},
number = {2},
pages = {206--237},
publisher = {Elsevier},
title = {Agreement attraction in comprehension: Representations and processes},
volume = {61},
year = {2009}
}

@article{willits2015language,
author = {Willits, Jon A. and Amato, Michael S. and MacDonald, Maryellen C.},
doi = {10.1016/j.cogpsych.2015.02.002},
journal = {Cognitive psychology},
pages = {1--27},
publisher = {Elsevier},
title = {Language knowledge and event knowledge in language use},
volume = {78},
year = {2015}
}

@article{woolford2006lexical,
author = {Woolford, Ellen},
doi = {10.1162/ling_a_00303},
journal = {Linguistic inquiry},
number = {1},
pages = {111--130},
publisher = {MIT Press},
title = {Lexical case, inherent case, and argument structure},
volume = {37},
year = {2006}
}

@article{yoon2017lexical,
author = {Yoon, James Hye Suk},
doi = {10.5334/gjgl.248},
journal = {Glossa: a journal of general linguistics},
number = {1},
pages = {45},
publisher = {Ubiquity Press},
title = {Lexical integrity and suspended affixation in two types of denominal predicates in {Korean}},
volume = {2},
year = {2017}
}

@article{yoon2005conjunction,
author = {Yoon, James Hye Suk and Lee, Wooseung},
journal = {Proceedings of the West Coast Conference on Formal Linguistics},
pages = {379--387},
title = {Conjunction Reduction and its Consequences for Noun Phrase Morphosyntax in {Korean}},
volume = {24},
year = {2005}
}

