



%%% BOOKS %%%
@book{ackema2004beyond,
author = {Ackema, Peter and Neeleman, Ad},
publisher = {Oxford University Press},
title = {Beyond Morphology},
year = {2004}
}



@book{chomsky1993lectures,
address = {Berlin, New York},
author = {Chomsky, Noam},
isbn = {9783110884166},
publisher = {De Gruyter Mouton},
title = {Lectures on Government and Binding},
year = {1993}
}



@book{cinque1999adverbs,
author = {Cinque, Guglielmo},
pages = {400},
publisher = {Oxford University Press on Demand},
title = {Adverbs and functional heads: A cross-linguistic perspective},
year = {1999}
}



@book{embick2015morpheme,
address = {Berlin, M{\"{u}}nchen, Boston},
author = {Embick, David},
publisher = {De Gruyter Mouton},
title = {The Morpheme},
year = {2015}
}



@book{emre1945turk,
author = {Emre, Ahmet Cevat},
publisher = {Cumhuriyet matbaası},
title = {Türk dilbilgisi: Türkçenin bugünkü ve geçmişteki gelişimleri üzerine gramer denemesi},
volume = {128},
year = {1945}
}



@book{gencan1966dilbilgisi,
author = {Gencan, Tahir Nejat},
publisher = {Ahmet Sait basımevi},
title = {Dilbilgisi},
year = {1966}
}



@book{goksel2004turkish,
author = {G{\"{o}}ksel, Asl{\i} and Kerslake, Celia},
isbn = {9780203340769},
publisher = {Routledge},
title = {Turkish: A Comprehensive Grammar},
year = {2004}
}



@book{grice1989studies,
author = {Grice, H Paul},
publisher = {Harvard University Press},
title = {Studies in the Way of Words},
year = {1989}
}



@book{haegeman1994introduction,
author = {Haegeman, Liliane},
publisher = {Wiley-Blackwell},
title = {Introduction to government and binding theory},
year = {1994}
}



@book{harbour2008phi,
  title={Phi theory: Phi-features across modules and interfaces},
  author={Harbour, Daniel and Adger, David and B{\'e}jar, Susana},
  year={2008},
  publisher={Oxford University Press}
}



@book{johannessen1998coordination,
author = {Johannessen, Janne Bondi},
publisher = {Oxford University Press},
title = {Coordination},
year = {1998}
}



@book{mcelreath2020statistical,
  title={Statistical rethinking: A Bayesian course with examples in R and Stan},
  author={McElreath, Richard},
  year={2020},
  publisher={CRC press}
}



@book{rezac2010phi,
address = {Dordrecht},
author = {Rezac, Milan},
publisher = {Springer Netherlands},
series = {Studies in Natural Language and Linguistic Theory},
title = {Phi-features and the Modular Architecture of Language},
volume = {81},
year = {2011}
}



@book{te2005deriving,
address = {Amsterdam},
author = {{Te Velde}, John R.},
publisher = {John Benjamins Publishing Company},
series = {Linguistik Aktuell/Linguistics Today},
title = {Deriving Coordinate Symmetries},
volume = {89},
year = {2006}
}



@book{underhill1976turkish,
author = {Underhill, Robert},
publisher = {MIT press Cambridge, MA},
title = {Turkish grammar},
year = {1976}
}



@book{mass2002,
title = {Modern Applied Statistics with S},
author = {W. N. Venables and B. D. Ripley},
publisher = {Springer},
edition = {Fourth},
address = {New York},
year = {2002}
}


  
@book{walchli2005co,
author = {W{\"{a}}lchli, Bernhard},
booktitle = {Co-Compounds and Natural Coordination},
pages = {1--352},
publisher = {Oxford University Press},
title = {Co-Compounds and Natural Coordination},
year = {2007}
}



@book{kornfilt1997turkish,
author = {Kornfilt, Jaklin},
publisher = {London and New York: Routledge},
title = {Turkish},
year = {1997}
}


%%% MISC %%%



@misc{frazier1987sentence,
author = {Frazier, Lyn},
title = {Sentence Processing: A Tutorial Review},
year = {1987}
}


@misc{halle1993distributed,
author = {Halle, Morris and Marantz, Alec},
title = {Distributed morphology and the pieces of inflection},
year = {1993}
}


@misc{geoffrey1967turkish,
author = {Lewis, Geoffrey},
publisher = {Oxford: Oxford University Press},
title = {Turkish grammar},
year = {1967}
}



@misc{pounder2006broken,
author = {Pounder, Amanda},
institution = {Citeseer},
title = {Broken forms in morphology},
year = {2006}
}



%%% PROCEEDINGS %%% 
@inproceedings{fokkens2009inflectional,
  title={Inflectional morphology in {Turkish VP} coordination},
  booktitle = {Proceedings of the 16th International Conference on Head-Driven Phrase Structure Grammar},
  author={Fokkens, A and Poulson, L and Bender, EM},
  pages={111--130},
  year={2009}
}


@inproceedings{akkucs2016suspended,
author = {Akkuş, Faruk},
booktitle = {Mediterranean Morphology Meetings},
pages = {1--15},
title = {Suspended affixation with derivational suffixes and lexical integrity},
volume = {10},
year = {2016}
}


@inproceedings{demir2014adverbial,
author = {Demir, Duygu \"{O}zge},
booktitle = {Conference on Central Asian Languages and Linguistics},
title = {Adverbial Clauses in Modern {Turkish}},
year = {2014}
}


@inproceedings{goksel2005morphology,
  title={Morphology and syntax inside the word: pronominal participles of headless relative clauses in {Turkish}},
  author={G{\"{o}}ksel, Aslı},
  booktitle={Mediterranean Morphology Meetings},
  volume={5},
  pages={47--72},
  year={2005}
}


@inproceedings{kunduraci2016morphology,
author = {Kunduracı, Aysun and G\"oksel, Aslı},
booktitle = {Mediterranean Morphology Meetings},
pages = {88--97},
title = {Morphology: the base processor},
volume = {10},
year = {2016}
}


@inproceedings{herbeck2016controlling,
author = {Herbeck, Peter},
booktitle = {Colloquium talk at the Linguistics Department at the Ben Gurion University, Beer Sheva},
title = {Controlling subject pronouns in Romance pro-drop languages},
year = {2016}
}


@inproceedings{orgun1995flat,
author = {Orgun, Cemil Orhan},
booktitle = {Annual Meeting of the Berkeley Linguistics Society},
pages = {252--261},
title = {Flat vs. branching morphological structures: the case of suspended affixation},
volume = {21},
year = {1995}
}


@inproceedings{orgun1992turkish,
author = {Orgun, Cemil Orhan and Inkelas, Sharon},
booktitle = {6th International Conference on Turkish Linguistics, Anadolu University, Eskisehir, Turkey},
title = {Turkish prosodic minimality},
year = {1992}
}


@inproceedings{sezer2013ts,
author = {Sezer, B and Sezer, T and Ünivesitesi, Mersin},
booktitle = {Proceedings 27th National Linguistics Conference},
pages = {3--4},
title = {{TS} Corpus: Herkes için {Türkçe} Derlem},
year = {2013}
}


@inproceedings{broadwell2008turkish,
author = {Broadwell, George Aaron},
booktitle = {Proceedings of the LFG08 Conference},
title = {Turkish Suspended Affixation Is Lexical Sharing},
pages = {198},
year = {2008}
}


@inproceedings{yoon2005conjunction,
author = {Yoon, James Hye Suk and Lee, Wooseung},
booktitle = {Proceedings of the West Coast Conference on Formal Linguistics},
pages = {379--387},
title = {Conjunction Reduction and its Consequences for Noun Phrase Morphosyntax in {Korean}},
volume = {24},
year = {2005}
}


%%% COLLECTION (books chapters, sections)%%%
@incollection{ackema2007morphology,
author = {Ackema, Peter and Neeleman, Ad},
booktitle = {The Oxford Handbook of Linguistic Interfaces},
publisher = {Oxford University Press},
title = {Morphology $\ne$ Syntax},
year = {2007}
}

@incollection{bader2000reanalyis,
  title={On Reanalyis: Evidence from {German}},
  author={Bader, Markus},
  booktitle={German sentence processing},
  volume={24},
  pages={187--246},
  year={2000},
  publisher={Springer},
  address = {Dordrecht}
}


@incollection{gorrell2000subject,
  title={The subject-before-object preference in {German} clauses},
  author={Gorrell, Paul},
  booktitle={German sentence processing},
  pages={25--63},
  volume={24},
  year={2000},
  publisher={Springer},
  address = {Dordrecht}
}


@incollection{marantz2007phases,
author = {Marantz, Alec},
booktitle = {Phases in the theory of grammar},
pages = {191--222},
publisher = {Dong-In Publishing Co.},
title = {Phases and words},
year = {2007}
}


@incollection{schlesewsky2000subject,
  title={The subject preference in the processing of locally ambiguous wh-questions in {German}},
  author={Schlesewsky, Matthias and Fanselow, Gisbert and Kliegl, Reinhold and Krems, Josef},
  booktitle={German sentence processing},
  pages={65--93},
  volume= {24},
  year={2000},
  publisher={Springer},
  address = {Dodrecht}
}


@incollection{stump1993position,
  title={Position classes and morphological theory},
  author={Stump, Gregory T},
  booktitle={Yearbook of morphology 1992},
  pages={129--180},
  year={1993},
  publisher={Springer}
}


@incollection{cinque2001note,
author = {Cinque, Guglielmo},
pages = {47--59},
title = {A note on mood, modality, tense and aspect affixes in {Turkish}},
year = {2002},
publisher = {Amsterdam: John Benjamins Publishing Company},
booktitle = {The Verb in Turkish}
}


@incollection{good2005morphosyntax,
author = {Good, Jeff and Yu, Alan C L},
booktitle = {Clitic and affix combinations: Theoretical perspectives},
pages = {315--341},
publisher = {John Benjamins Publishing},
title = {Morphosyntax of two {Turkish} subject pronominal paradigms},
volume = {74},
year = {2005}
}


@incollection{goksel2001auxiliary,
author = {G{\"{o}}ksel, Aslı},
booktitle = {The Verb in Turkish},
pages = {151--181},
title = {The auxiliary verb ol at the morphology-syntax interface},
year = {2001},
publisher = {Amsterdam: John Benjamins}
}

@incollection{kornfilt2012revisiting,
author = {Kornfilt, Jaklin},
booktitle = {Functional Heads: The cartography of syntactic structures},
pages = {181--196},
publisher = {Oxford University Press},
title = {Revisiting “Suspended Affixation” and Other Coordinate Mysteries*},
year = {2012}
}


%%% DISSERTATIONS %%% 

@phdthesis{bonet1991morphology,
author = {Bonet, Eulalia},
file = {:home/furkan/Documents/Mendeley Desktop/Bonet/Bonet - 1991 - Morphology after syntax Pronominal clitics in Romance.pdf:pdf},
mendeley-groups = {Thesis},
publisher = {MIT},
school = {Autonomous University of Barcelona},
title = {Morphology after syntax: Pronominal clitics in Romance},
year = {1991}
}

@phdthesis{munn1993topics,
author = {Munn, Alan},
mendeley-groups = {Thesis,Semantics},
pages = {1--207},
school = {University of Maryland at College Park},
title = {Topics in the syntax and semantics of coordinate structures},
year = {1993}
}

@misc{ross1967constraints,
author = {Ross, John Robert},
mendeley-groups = {Thesis},
publisher = {MIT, Cambridge, Massachusetts},
title = {Constraints on Variables in Syntax, unpublished Doctoral dissertation},
year = {1967}
}

@mastersthesis{saug2013verbal,
author = {Sağ, Yağmur},
school = {Boğaziçi University},
title = {The verbal functional domain in the {Denizli} Dialect of {Turkish}},
year = {2013}
}


%%% ONLINE SERVICE %%% 

@article{drummond2013ibex,
author = {Drummond, Alex},
journal = {Online server: http://spellout. net/ibexfarm},
mendeley-groups = {Thesis},
title = {Ibex farm},
year = {2013}
}


%%% MANUAL %%%

@manual{team2013r,
address = {Vienna, Austria},
author = {R Core Team},
mendeley-groups = {Thesis},
organization = {R Foundation for Statistical Computing},
title = {R: A Language and Environment for Statistical Computing},
url = {http://www.r-project.org/},
year = {2013}
}

