@misc{kabak2007turkish,
  title={Turkish suspended affixation},
  author={Kabak, Bari{\c{s}}},
  year={2007},
  publisher={Walter de Gruyter}
}

@article{erschler2012suspended,
  title={Suspended affixation in Ossetic and the structure of the syntax-morphology interface},
  author={Erschler, David},
  journal={Acta Linguistica Hungarica (Since 2017 Acta Linguistica Academica)},
  volume={59},
  number={1-2},
  pages={153--175},
  year={2012},
  publisher={Akad{\'e}miai Kiad{\'o}}
}

@misc{erschler2009possession,
  title={Possession marking in Ossetic: Arguing for Caucasian influences},
  author={Erschler, David},
  year={2009},
  publisher={Walter de Gruyter GmbH \& Co. KG}
}

@misc{geoffrey1967turkish,
  title={Turkish grammar},
  author={Lewis, Geoffrey},
  year={1967},
  publisher={Oxford: Oxford University Press}
}

@article{kornfilt2012revisiting,
  title={Revisiting “Suspended Affixation” and Other Coordinate Mysteries”},
  author={Kornfilt, Jaklin},
  journal={Functional heads: The cartography of syntactic structures},
  volume={7},
  year={2012},
  publisher={OUP USA}
}

@inproceedings{broadwell2008turkish,
  title={Turkish suspended affixation is lexical sharing},
  author={Broadwell, George Aaron},
  booktitle={Proceedings of the LFG08 Conference},
  volume={198},
  year={2008}
}

@inproceedings{orgun1995flat,
  title={Flat vs. branching morphological structures: the case of suspended affixation},
  author={Orgun, Cemil Orhan},
  booktitle={Annual Meeting of the Berkeley Linguistics Society},
  volume={21},
  pages={252--261},
  year={1995}
}

@article{erschler2018suspended,
  title={Suspended Affixation as Morpheme Ellipsis: Evidence from Ossetic Alternative Questions},
  author={Erschler, David},
  journal={Glossa},
  volume={3},
  number={1},
  year={2018}
}

@article{yoon2017lexical,
  title={Lexical integrity and suspended affixation in two types of denominal predicates in Korean},
  author={Yoon, James},
  journal={Glossa: a journal of general linguistics},
  volume={2},
  number={1},
  year={2017},
  publisher={Ubiquity Press}
}

@article{despic2017suspended,
  title={Suspended morphology in Serbian: clitics vs. affixes},
  author={Despi{\'c}, Miloje},
  journal={Glossa: a journal of general linguistics},
  volume={2},
  number={1},
  year={2017},
  publisher={Ubiquity Press}
}

@misc{halle1993distributed,
  title={Distributed morphology and the pieces of inflection},
  author={Halle, Morris and Marantz, Alec},
  year={1993},
}

@article{halle1994some,
  title={{Some key features of Distributed Morphology}},
  author={Halle, Morris and Marantz, Alec},
  journal={MIT working papers in linguistics},
  volume={21},
  number={275},
  pages={88},
  year={1994}
}

@article{good2005morphosyntax,
  title={Morphosyntax of two Turkish subject pronominal paradigms},
  author={Good, Jeff and Yu, Alan CL},
  journal={Clitic and affix combinations: Theoretical perspectives},
  volume={74},
  pages={315--374},
  year={2005},
  publisher={John Benjamins Publishing}
}

@article{kornfilt1996some,
  title={On some copular clitics in Turkish},
  author={Kornfilt, Jaklin},
  journal={ZAS papers in linguistics},
  volume={6},
  pages={96--114},
  year={1996},
  publisher={ZAS Berlin}
}

@article{ackema2003context,
  title={Context-sensitive spell-out},
  author={Ackema, Pete and Neeleman, Ad},
  journal={Natural Language \& Linguistic Theory},
  volume={21},
  number={4},
  pages={681--735},
  year={2003},
  publisher={Springer}
}

@article{ackema2007morphology,
  title={Morphology$\ne$ syntax},
  author={Ackema, Peter and Neeleman, Ad},
  journal={Ramchand, G. \& Reiss, C},
  pages={325--352},
  year={2007},
  publisher={Citeseer}
}

@book{bobaljik2012universals,
  title={Universals in comparative morphology: Suppletion, superlatives, and the structure of words},
  author={Bobaljik, Jonathan David},
  volume={50},
  year={2012},
  publisher={MIT Press}
}

@article{bobaljik2015suppletion,
  title={Suppletion: Some theoretical implications},
  author={Bobaljik, Jonathan David},
  journal={Annu. Rev. Linguist.},
  volume={1},
  number={1},
  pages={1--18},
  year={2015},
  publisher={Annual Reviews}
}

@article{booij1985coordination,
author={Booij, Geert E},
year = {1985},
month = {01},
pages = {},
title = {Coordination Reduction in Complex Words: A Case for Prosodic Phonology},
journal = {Advances in Nonlinear Phonology, H.v.d. Hulst and N. Smith, Editors, 143 - 160 (1985)}
}

@article{embick2007linearization,
  title={Linearization and local dislocation: Derivational mechanics and interactions},
  author={Embick, David},
  journal={Linguistic analysis},
  volume={33},
  number={3-4},
  pages={303--336},
  year={2007}
}

@book{embick2015morpheme,
  title={The morpheme: A theoretical introduction},
  author={Embick, David},
  volume={31},
  year={2015},
  publisher={Walter de Gruyter GmbH \& Co KG}
}

@article{embick2001movement,
  title={Movement operations after syntax},
  author={Embick, David and Noyer, Rolf},
  journal={Linguistic inquiry},
  volume={32},
  number={4},
  pages={555--595},
  year={2001},
  publisher={MIT Press}
}

@article{embick2008architecture,
  title={Architecture and blocking},
  author={Embick, David and Marantz, Alec},
  journal={Linguistic inquiry},
  volume={39},
  number={1},
  pages={1--53},
  year={2008},
  publisher={MIT Press}
}

@inproceedings{akkucs2016suspended,
  title={Suspended affixation with derivational suffixes and lexical integrity},
  author={Akku{\c{s}}, Faruk},
  booktitle={Mediterranean Morphology Meetings},
  volume={10},
  pages={1--15},
  year={2016}
}

@inproceedings{hankamer2008ad,
  title={Ad-phrasal affixes and suspended affixation},
  author={Hankamer, Jorge},
  booktitle={Chicago, IL: Paper presented at the LSA Annual Meeting},
  year={2008}
}

@inproceedings{hankamer2008suspended,
  title={Suspended affixation},
  author={Hankamer, Jorge},
  booktitle={14th International Conference on Turkish Linguistics, Antalya},
  year={2008}
}

@article{heath2007bidirectional,
  title={Bidirectional case-marking and linear adjacency},
  author={Heath, Jeffrey},
  journal={Natural Language \& Linguistic Theory},
  volume={25},
  number={1},
  pages={83},
  year={2007},
  publisher={Springer}
}

@book{johannessen1998coordination,
  title={Coordination},
  author={Johannessen, Janne Bondi},
  year={1998},
  publisher={Oxford University Press}
}

@article{johnson2009gapping,
  title={Gapping is not (VP-) ellipsis},
  author={Johnson, Kyle},
  journal={Linguistic Inquiry},
  volume={40},
  number={2},
  pages={289--328},
  year={2009},
  publisher={MIT Press}
}

@article{kenesei2007semiwords,
  title={Semiwords and affixoids: The territory between word and affix},
  author={Kenesei, Istv{\'a}n and others},
  journal={Acta Linguistica Hungarica (Since 2017 Acta Linguistica Academica)},
  volume={54},
  number={3},
  pages={263--293},
  year={2007},
  publisher={Akad{\'e}miai Kiad{\'o}}
}

@article{kharytonava2012word,
  title={Word minimality and suspended affixation},
  author={Kharytonava, Olga},
  journal={Studia uralo-altaica},
  volume={49},
  pages={279--290},
  year={2012}
}

@article{kharytonava2012taming,
  title={Taming affixes in Turkish: with or without residue},
  author={Kharytonava, Volha},
  journal={Studia typologica: Irregularities in morphology},
  pages={167--185},
  year={2012},
  publisher={Akademia Verlag Munich}
}

@article{kim2004korean,
  title={Korean copular constructions: A lexical sharing approach},
  author={Kim, Jong-Bok and Sells, Peter and Wescoat, Michael T},
  journal={Japanese/Korean Linguistics},
  volume={13},
  pages={179--192},
  year={2004}
}

@article{kornfilt2000directionality,
  title={Directionality of identical verb deletion in Turkish coordination},
  author={Kornfilt, Jaklin},
  journal={Jorge Hankamer WebFest},
  year={2000}
}

@article{legate2008morphological,
  title={Morphological and abstract case},
  author={Legate, Julie Anne},
  journal={Linguistic Inquiry},
  volume={39},
  number={1},
  pages={55--101},
  year={2008},
  publisher={MIT Press}
}

@article{lieber2006lexical,
author = {Lieber, Rochelle and Scalise, Sergio},
journal = {Lingue e Linguaggio},
number = {1},
pages = {7--32},
title = {{The lexical integrity hypothesis in a new theoretical universe}},
volume = {5},
year = {2006}
}

@incollection{booij2009lexical,
  title={Lexical integrity as a formal universal: a constructionist view},
  author={Booij, Geert},
  booktitle={Universals of language today},
  pages={83--100},
  year={2009},
  publisher={Springer}
}

@article{lopez2015parallel,
  title={Parallel computation in word formation},
  author={L{\'o}pez, Luis},
  journal={Linguistic Inquiry},
  volume={46},
  number={4},
  pages={657--701},
  year={2015},
  publisher={MIT Press}
}

@incollection{marantz2007phases,
  title={Phases and words},
  author={Marantz, Alec},
  booktitle={Phases in the theory of grammar},
  pages={191--222},
  year={2007},
  publisher={Dong-In Publishing Co.}
}

@article{mcfadden2004position,
  title={The position of morphological case in the derivation},
  author={McFadden, Thomas},
  journal={PhD diss., University of Pennsylvania},
  year={2004}
}

@article{merchant2015ineffable,
  title={On ineffable predicates: Bilingual Greek--English code-switching under ellipsis},
  author={Merchant, Jason},
  journal={Lingua},
  volume={166},
  pages={199--213},
  year={2015},
  publisher={Elsevier}
}

@article{merchant2016ellipsis,
  title={Ellipsis: A survey of analytical approaches},
  author={Merchant, Jason},
  journal={Ms., University of Chicago, Chicago, IL},
  year={2016}
}

@inproceedings{mukai2003verbless,
  title={On verbless conjunction in Japanese},
  author={Mukai, Emi},
  booktitle={PROCEEDINGS-NELS},
  volume={33},
  pages={205--224},
  year={2003}
}

@phdthesis{newell2008aspects,
  title={Aspects of the morphology and phonology of phases},
  author={Newell, Heather},
  year={2008},
  school={McGill University Montreal, QC}
}

@inproceedings{pounder2006broken,
  title={Broken forms in morphology},
  author={Pounder, Amanda},
  booktitle={Proceedings of the 2006 Annual Conference of the Canadian Linguistics Association. Available at: http://westernlinguistics. ca/Publications/CLA2006/Pounder. pdf},
  year={2006},
  organization={Citeseer}
}

@article{sato2010complex,
  title={Complex phrase structures within morphological words: Evidence from English and Indonesian},
  author={Sato, Yosuke},
  journal={Lingua},
  volume={120},
  number={2},
  pages={379--407},
  year={2010},
  publisher={Elsevier}
}

@article{trommer2008case,
  title={“Case suffixes”, postpositions, and the phonological word in Hungarian},
  author={Trommer, Jochen},
  journal={Linguistics},
  volume={46},
  number={2},
  pages={403--437},
  year={2008},
  publisher={Walter de Gruyter}
}


@article{williams2007dumping,
  title={Dumping lexicalism},
  author={Williams, Edwin},
  journal={The Oxford handbook of linguistic interfaces},
  pages={353--382},
  year={2007},
  publisher={Oxford University Press Oxford}
}

@article{guseva2017postsyntactic,
  title={Postsyntactic Reordering in the Mari Nominal Domain-Evidence from Suspended Affixation},
  author={Guseva, Elina and Weisser, Philipp},
  journal={Natural Language and Linguistic Theory},
  year={2017}
}

@misc{wescoat2002,
  title={On Lexical Sharing},
  author={Wescoat, Michael T.},
  year= {2002},
  publisher={Stanford University}
}

@inproceedings{yoon2005conjunction,
  title={Conjunction reduction and its consequences for noun phrase morphosyntax in Korean},
  author={Yoon, James Hye Suk and Lee, Wooseung},
  booktitle={Proceedings of the 24th West Coast Conference on Formal Linguistics},
  pages={379--387},
  year={2005}
}

@article{goksel2001auxiliary,
  title={The auxiliary verb ol at the morphology-syntax interface},
  author={G{\"o}ksel, Asl{\i}},
  journal={The Verb in Turkish. Amsterdam: John Benjamins},
  pages={151--181},
  year={2001}
}

@article{erdal2000clitics,
  title={Clitics in Turkish},
  author={Erdal, Marcel},
  journal={Studies on Turkish and Turkic Languages},
  pages={12--14},
  year={2000}
}

@article{goksel2015phrasal,
  title={Phrasal compounds in Turkish: Distinguishing citations from quotations},
  author={G{\"o}ksel, Asl{\i}},
  journal={STUF-Language Typology and Universals},
  volume={68},
  number={3},
  pages={359--394},
  year={2015},
  publisher={De Gruyter}
}

@inproceedings{kunduraci2016morphology,
  title={Morphology: the base processor},
  author={Kundurac{\i}, Aysun and G{\"o}ksel, Asl{\i}},
  booktitle={Mediterranean Morphology Meetings},
  volume={10},
  pages={88--97},
  year={2016}
}

@article{ozturk2016possessive,
  title={{Possessive constructions in Turkish}},
  author={{\"O}zt{\"u}rk, Balk{\i}z and Taylan, Eser Erguvanl{\i}},
  journal={Lingua},
  volume={182},
  pages={88--108},
  year={2016},
  publisher={Elsevier}
}

@article{smith2000word,
  title={Word remnants and coordination},
  author={Smith, George},
  journal={Deutsche Grammatik in Theorie und Praxis},
  pages={57--68},
  year={2000}
}

@article{cinque2001note,
  title={{A note on mood, modality, tense and aspect affixes in Turkish}},
  author={Cinque, Guglielmo},
  journal={The verb in Turkish},
  volume={44},
  pages={47--59},
  year={2001},
  publisher={Amsterdam: John Benjamins}
}

@phdthesis{goksel1993levels,
  title={Levels of representation and argument structure in Turkish.},
  author={Goksel, Ash},
  year={1993},
  school={SOAS University of London}
}

@incollection{kratzer1996severing,
  title={Severing the external argument from its verb},
  author={Kratzer, Angelika},
  booktitle={Phrase structure and the lexicon},
  pages={109--137},
  year={1996},
  publisher={Springer}
}

@book{pylkkanen2008introducing,
  title={Introducing arguments},
  author={Pylkk{\"a}nen, Liina},
  volume={49},
  year={2008},
  publisher={MIT press}
}

@book{goksel2004turkish,
  title={Turkish: A comprehensive grammar},
  author={G{\"o}ksel, Asl{\i} and Kerslake, Celia},
  year={2004},
  publisher={Routledge}
}

@article{ito1989notes,
  title={Notes on monosyllabism in Turkish},
  author={It{\^o}, Junko and Hankamer, Jorge},
  journal={Phonology at Santa Cruz},
  volume={1},
  pages={61--69},
  year={1989},
  publisher={University of California Santa Cruz}
}

@inproceedings{orgun1992turkish,
  title={Turkish prosodic minimality},
  author={Orgun, Orhan and Inkelas, Sharon},
  booktitle={6th International Conference on Turkish Linguistics, Anadolu University, Eskisehir, Turkey},
  year={1992}
}

@inproceedings{herbeck2016controlling,
  title={Controlling subject pronouns in Romance pro-drop languages},
  author={Herbeck, Peter},
  booktitle={Colloquium talk at the Linguistics Department at the Ben Gurion University, Beer Sheva},
  year={2016}
}

@misc{ozturk2002turkish,
  title={Turkish as a non-pro-drop language. The Verb in {Turkish}, ed. E. Erguvanli-Taylan},
  author={{\"O}zt{\"u}rk, B},
  year={2002},
  publisher={Amsterdam: John Benjamins Publishing Company}
}

@book{ackema2004beyond,
  title={Beyond morphology: Interface conditions on word formation},
  author={Ackema, Peter and Neeleman, Ad and others},
  volume={6},
  year={2004},
  publisher={Oxford University Press on Demand}
}

@article{bruening2018word,
  title={Word formation is syntactic: Raising in nominalizations},
  author={Bruening, Benjamin T},
  journal={Glossa: a journal of general linguistics},
  volume={3},
  number={1},
  year={2018},
  publisher={Ubiquity Press}
}

@phdthesis{munn1993topics,
  title={Topics in the syntax and semantics of coordinate structures},
  author={Munn, Alan Boag},
  year={1993},
  school={University of Maryland at College Park}
}


@article{bresnan1995lexical,
  title={The lexical integrity principle: Evidence from Bantu},
  author={Bresnan, Joan and Mchombo, Sam A},
  journal={Natural Language \& Linguistic Theory},
  volume={13},
  number={2},
  pages={181--254},
  year={1995},
  publisher={Springer}
}

@Manual{team2013r,
    title = {R: A Language and Environment for Statistical Computing},
    author = {{R Core Team}},
    organization = {R Foundation for Statistical Computing},
    address = {Vienna, Austria},
    year = {2013},
    url = {http://www.R-project.org/},
 }

@article{drummond2013ibex,
  title={Ibex farm},
  author={Drummond, Alex},
  journal={Online server: http://spellout. net/ibexfarm},
  year={2013}
}

@mastersthesis{saug2013verbal,
  title={{The verbal functional domain in the Denizli Dialect of Turkish}},
  author={Sa{\u{g}}, Ya{\u{g}}mur},
  year={2013},
  school={Bo{\u{g}}azi{\c{c}}i University}
}

@article{kharytonava2011morphology,
author = {Kharytonava, Olga},
journal = {Coyote Papers: Working Papers in Linguistics, Linguistic Theory at the University of Arizona},
number = {4},
title = {{The morphology of affix sharing in Turkish}},
volume = {18},
year = {2011}
}

@book{walchli2005co,
  title={Co-compounds and natural coordination},
  author={W{\"a}lchli, Bernhard and others},
  year={2005},
  publisher={Oxford Studies in Typology and}
}

@inproceedings{sezer2013ts,
  title={TS Corpus: Herkes i{\c{c}}in T{\"u}rk{\c{c}}e Derlem},
  author={Sezer, B and Sezer, T and {\"U}nivesitesi, Mersin},
  booktitle={Proceedings 27th National Linguistics Conference. May},
  pages={3--4},
  year={2013}
}
@article{hardie2012cqpweb,
  title={CQPweb—combining power, flexibility and usability in a corpus analysis tool},
  author={Hardie, Andrew},
  journal={International journal of corpus linguistics},
  volume={17},
  number={3},
  pages={380--409},
  year={2012},
  publisher={John Benjamins}
}

@article{burkner2017brms,
  title={brms: An R package for Bayesian multilevel models using Stan},
  author={B{\"u}rkner, Paul-Christian and others},
  journal={Journal of statistical software},
  volume={80},
  number={1},
  pages={1--28},
  year={2017}
}

@inproceedings{bozsahin2000gapping,
  title={Gapping and word order in Turkish},
  author={Bozşahin, Cem},
  booktitle={Proceedings of the 10th International Conference on Turkish Linguistics},
  pages={58--66},
  year={2000}
}

@book{cinque1999adverbs,
  title={Adverbs and functional heads: A cross-linguistic perspective},
  author={Cinque, Guglielmo},
  year={1999},
  publisher={Oxford University Press on Demand}
}

@article{johanson1995turkic,
  title={On {Turkic} converb clauses},
  author={Johanson, Lars},
  journal={Haspelmath \& K{\"o}nig (eds.)},
  volume={1995},
  pages={313--48},
  year={1995}
}

@article{kornfilt1997turkish,
  title={Turkish},
  author={Kornfilt, Iaklin},
  journal={London and New York: Routledge},
  year={1997}
}

@book{underhill1976turkish,
  title={Turkish grammar},
  author={Underhill, Robert},
  year={1976},
  publisher={MIT press Cambridge, MA}
}

@inproceedings{fokkens2009inflectional,
  title={Inflectional morphology in {Turkish} VP coordination.},
  booktitle={M{\"u}ller, S.(ed.) Proceedings of the HPSG 09 Conference},
  author={Fokkens, A and Poulson, L and Bender, EM},
  year={2009},
  publisher={Stanford: CSLI Publications}
}

@inproceedings{demir2014adverbial,
  title={Adverbial Clauses in Modern Turkish},
  author={Demir, Duygu {\"O}zge},
  booktitle={Conference on Central Asian Languages and Linguistics},
  pages={73},
  year={2014}
}

@article{bickel1998converbs,
  title={Converbs in cross-linguistic perspective [review article of Haspelmath and K{\"o}nig, eds., Converbs in cross-linguistic perspective: structure and meaning of adverbial verb forms-adverbial participles, gerunds, Berlin: Mouton de Gruyter 1995]},
  author={Bickel, Balthasar},
  journal={Linguistic Typology},
  volume={2},
  pages={381--397},
  year={1998},
  publisher={Walter de Gruyter}
}

@phdthesis{acar2014discovering,
  title={Discovering the discourse role of converbs in Turkish discourse},
  author={Acar, Ahmet Faruk},
  year={2014},
  school={Master thesis. Ankara: ODT{\"U}}
}

@book{te2005deriving,
  title={Deriving Coordinate Symmetries},
  author={Te Velde, John R},
  year={2005},
  publisher={John Benjamins Publishing Company}
}

@article{munn1987coordinate,
  title={Coordinate structure and X-bar theory},
  author={Munn, Alan},
  journal={McGill working papers in linguistics},
  volume={4},
  number={1},
  pages={121--140},
  year={1987},
  publisher={McGill University}
}

@article{woolford2006lexical,
  title={Lexical case, inherent case, and argument structure},
  author={Woolford, Ellen},
  journal={Linguistic inquiry},
  volume={37},
  number={1},
  pages={111--130},
  year={2006},
  publisher={MIT Press}
}

@article{frazier1978sausage,
  title={The sausage machine: A new two-stage parsing model},
  author={Frazier, Lyn and Fodor, Janet Dean},
  journal={Cognition},
  volume={6},
  number={4},
  pages={291--325},
  year={1978},
  publisher={Elsevier}
}

@article{ferreira1986independence,
  title={The independence of syntactic processing},
  author={Ferreira, Fernanda and Clifton, Charles},
  journal={Journal of memory and language},
  volume={25},
  number={3},
  pages={348},
  year={1986},
  publisher={Academic Press}
}

@article{van2005evidence,
  title={Evidence against competition during syntactic ambiguity resolution},
  author={Van Gompel, Roger PG and Pickering, Martin J and Pearson, Jamie and Liversedge, Simon P},
  journal={Journal of Memory and Language},
  volume={52},
  number={2},
  pages={284--307},
  year={2005},
  publisher={Elsevier}
}

@article{van2001reanalysis,
  title={Reanalysis in sentence processing: Evidence against current constraint-based and two-stage models},
  author={Van Gompel, Roger PG and Pickering, Martin J and Traxler, Matthew J},
  journal={Journal of Memory and Language},
  volume={45},
  number={2},
  pages={225--258},
  year={2001},
  publisher={Elsevier}
}

@article{traxler1998adjunct,
  title={Adjunct attachment is not a form of lexical ambiguity resolution},
  author={Traxler, Matthew J and Pickering, Martin J and Clifton Jr, Charles},
  journal={Journal of Memory and Language},
  volume={39},
  number={4},
  pages={558--592},
  year={1998},
  publisher={Elsevier}
}


@misc{frazier1987sentence,
author = {Frazier, Lyn},
title = {{Sentence Processing: A Tutorial Review}},
year = {1987}
}


@article{ferreira2001misinterpretations,
  title={Misinterpretations of garden-path sentences: Implications for models of sentence processing and reanalysis},
  author={Ferreira, Fernanda and Christianson, Kiel and Hollingworth, Andrew},
  journal={Journal of psycholinguistic research},
  volume={30},
  number={1},
  pages={3--20},
  year={2001},
  publisher={Springer}
}

@article{ferreira2007good,
  title={The ‘good enough’approach to language comprehension},
  author={Ferreira, Fernanda and Patson, Nikole D},
  journal={Language and Linguistics Compass},
  volume={1},
  number={1-2},
  pages={71--83},
  year={2007},
  publisher={Wiley Online Library}
}

@article{slattery2013lingering,
  title={Lingering misinterpretations of garden path sentences arise from competing syntactic representations},
  author={Slattery, Timothy J and Sturt, Patrick and Christianson, Kiel and Yoshida, Masaya and Ferreira, Fernanda},
  journal={Journal of Memory and Language},
  volume={69},
  number={2},
  pages={104--120},
  year={2013},
  publisher={Elsevier}
}

@article{chomsky1999derivation,
  title={Derivation by phase},
  author={Chomsky, Noam},
  journal={MIT occasional papers in linguistics},
  volume={18},
  year={1999}
}

@misc{ross1967constraints,
  title={Constraints on Variables in Syntax, unpublished Doctoral dissertation},
  author={Ross, John Robert},
  year={1967},
  publisher={MIT, Cambridge, Massachusetts}
}

@article{cousineau2017varieties,
  title={Varieties of confidence intervals},
  author={Cousineau, Denis},
  journal={Advances in cognitive psychology},
  volume={13},
  number={2},
  pages={140},
  year={2017},
  publisher={University of Finance and Management in Warsaw}
}

@article{levy2008expectation,
  title={Expectation-based syntactic comprehension},
  author={Levy, Roger},
  journal={Cognition},
  volume={106},
  number={3},
  pages={1126--1177},
  year={2008},
  publisher={Elsevier},
  doi={10.1016/j.cognition.2007.05.006}
}

@article{MacDonald1994,
author = {MacDonald, Maryellen C. and Pearlmutter, Neal J. and Seidenberg, Mark S.},
doi = {10.1037/0033-295x.101.4.676},
file = {:home/furkan/Downloads/Articles/1995-08264-001.pdf:pdf},
issn = {0033-295X},
journal = {Psychological Review},
title = {{The lexical nature of syntactic ambiguity resolution.}},
year = {1994}
}

@article{willits2015language,
  title={Language knowledge and event knowledge in language use},
  author={Willits, Jon A and Amato, Michael S and MacDonald, Maryellen C},
  journal={Cognitive psychology},
  volume={78},
  pages={1--27},
  year={2015},
  publisher={Elsevier}
}

@article{van2012memory,
  title={Memory interference as a determinant of language comprehension},
  author={Van Dyke, Julie A and Johns, Clinton L},
  journal={Language and linguistics compass},
  volume={6},
  number={4},
  pages={193--211},
  year={2012},
  publisher={Wiley Online Library}
}

@article{VanDyke2006,
author = {{Van Dyke}, Julie A. and McElree, Brian},
doi = {10.1016/j.jml.2006.03.007},
journal = {Journal of Memory and Language},
keywords = {Cue-overload,Language comprehension,Memory,Parsing,Retrieval interference},
number = {2},
pages = {157--166},
title = {{Retrieval interference in sentence comprehension}},
volume = {55},
year = {2006}
}

@article{Parker2016,
author = {Parker, Dan and Phillips, Colin},
doi = {10.1016/j.cognition.2016.08.016},
journal = {Cognition},
pages = {321--339},
publisher = {Elsevier B.V.},
title = {{Negative polarity illusions and the format of hierarchical encodings in memory}},
volume = {157},
year = {2016}
}

@inproceedings{mendia2018spurious,
  title={Spurious NPI licensing and exhaustification},
  author={Mendia, Jon Ander and Poole, Ethan and Dillon, Brian},
  booktitle={Semantics and Linguistic Theory},
  volume={28},
  pages={233--250},
  year={2018}
}

@article{wagers2009agreement,
  title={Agreement attraction in comprehension: Representations and processes},
  author={Wagers, Matthew W and Lau, Ellen F and Phillips, Colin},
  journal={Journal of Memory and Language},
  volume={61},
  number={2},
  pages={206--237},
  year={2009},
  publisher={Elsevier}
}

@article{embick2005status,
  title={On the status of stems in morphological theory},
  author={Embick, David and Halle, Morris},
  journal={AMSTERDAM STUDIES IN THE THEORY AND HISTORY OF LINGUISTIC SCIENCE SERIES 4},
  volume={270},
  pages={37},
  year={2005},
  publisher={Citeseer}
}

@book{bonet1991morphology,
  title={Morphology after syntax: Pronominal clitics in Romance},
  author={Bonet, Eulalia},
  year={1991},
  publisher={MIT}
}

@article{warren2009investigating,
  title={Investigating the causes of wrap-up effects: Evidence from eye movements and E--Z Reader},
  author={Warren, Tessa and White, Sarah J and Reichle, Erik D},
  journal={Cognition},
  volume={111},
  number={1},
  pages={132--137},
  year={2009},
  publisher={Elsevier}
}
@article{rayner2000effect,
  title={The effect of clause wrap-up on eye movements during reading},
  author={Rayner, Keith and Kambe, Gretchen and Duffy, Susan A},
  journal={The Quarterly Journal of Experimental Psychology: Section A},
  volume={53},
  number={4},
  pages={1061--1080},
  year={2000},
  publisher={Taylor \& Francis}
}

@article{christianson2001thematic,
  title={Thematic roles assigned along the garden path linger},
  author={Christianson, Kiel and Hollingworth, Andrew and Halliwell, John F and Ferreira, Fernanda},
  journal={Cognitive psychology},
  volume={42},
  number={4},
  pages={368--407},
  year={2001},
  publisher={Elsevier}
}

@article{van2006activation,
  title={The activation of inappropriate analyses in garden-path sentences: Evidence from structural priming},
  author={Van Gompel, Roger PG and Pickering, Martin J and Pearson, Jamie and Jacob, Gunnar},
  journal={Journal of Memory and Language},
  volume={55},
  number={3},
  pages={335--362},
  year={2006},
  publisher={Elsevier}
}

@article{Slattery2013,
journal = {Journal of Memory and Language},
author={Slattery, Timothy J and Sturt, Patrick and Christianson, Kiel and Yoshida, Masaya and Ferreira, Fernanda},
number = {2},
pages = {104--120},
publisher = {Elsevier Inc.},
title = {{Lingering misinterpretations of garden path sentences arise from competing syntactic representations}},
volume = {69},
year = {2013}
}

@article{martin2011direct,
  title={Direct-access retrieval during sentence comprehension: evidence from sluicing},
  author={Martin, Andrea E and McElree, Brian},
  journal={Journal of memory and language},
  volume={64},
  number={4},
  pages={327--343},
  year={2011},
  publisher={Elsevier},
  url={https://doi.org/10.1016/j.jml.2010.12.006}
}

@book{grice1989studies,
  title={Studies in the Way of Words},
  author={Grice, H Paul},
  year={1989},
  publisher={Harvard University Press}
}

@article{lewis2005activation,
  title={An activation-based model of sentence processing as skilled memory retrieval},
  author={Lewis, Richard L and Vasishth, Shravan},
  journal={Cognitive science},
  volume={29},
  number={3},
  pages={375--419},
  year={2005},
  publisher={Wiley Online Library}
}

@article{kruschke2010bayesian,
  title={Bayesian data analysis},
  author={Kruschke, John K},
  journal={Wiley Interdisciplinary Reviews: Cognitive Science},
  volume={1},
  number={5},
  pages={658--676},
  year={2010},
  publisher={Wiley Online Library}
}

@article{wagenmakers2007practical,
  title={A practical solution to the pervasive problems ofp values},
  author={Wagenmakers, Eric-Jan},
  journal={Psychonomic bulletin \& review},
  volume={14},
  number={5},
  pages={779--804},
  year={2007},
  publisher={Springer}
}

@article{vasishth2018statistical,
  title={The statistical significance filter leads to overoptimistic expectations of replicability},
  author={Vasishth, Shravan and Mertzen, Daniela and J{\"a}ger, Lena A and Gelman, Andrew},
  journal={Journal of Memory and Language},
  volume={103},
  pages={151--175},
  year={2018},
  publisher={Elsevier}
}

@article{swets2008underspecification,
  title={Underspecification of syntactic ambiguities: Evidence from self-paced reading},
  author={Swets, Benjamin and Desmet, Timothy and Clifton, Charles and Ferreira, Fernanda},
  journal={Memory \& Cognition},
  volume={36},
  number={1},
  pages={201--216},
  year={2008},
  publisher={Springer}
}

@article{logavcev2016multiple,
  title={A multiple-channel model of task-dependent ambiguity resolution in sentence comprehension},
  author={Loga{\v{c}}ev, Pavel and Vasishth, Shravan},
  journal={Cognitive Science},
  volume={40},
  number={2},
  pages={266--298},
  year={2016},
  publisher={Wiley Online Library}
}

@article{kruschke2011bayesian,
  title={Bayesian assessment of null values via parameter estimation and model comparison},
  author={Kruschke, John K},
  journal={Perspectives on Psychological Science},
  volume={6},
  number={3},
  pages={299--312},
  year={2011},
  publisher={Sage Publications Sage CA: Los Angeles, CA}
}

@article{lee2005bayesian,
  title={Bayesian statistical inference in psychology: Comment on Trafimow (2003).},
  author={Lee, Michael D and Wagenmakers, Eric-Jan},
  year={2005},
  publisher={American Psychological Association}
}

@article{comrie2008leipzig,
  title={The Leipzig Glossing Rules: Conventions for interlinear morpheme-by-morpheme glosses},
  author={Comrie, Bernard and Haspelmath, Martin and Bickel, Balthasar},
  journal={Department of Linguistics of the Max Planck Institute for Evolutionary Anthropology \& the Department of Linguistics of the University of Leipzig. Retrieved January},
  volume={28},
  pages={2010},
  year={2008}
}

@book{chomsky1993lectures,
  title={Lectures on government and binding: The Pisa lectures},
  author={Chomsky, Noam},
  year={1993},
  publisher={Walter de Gruyter}
}


@book{haegeman1994introduction,
  title={Introduction to government and binding theory},
  author={Haegeman, Liliane},
  year={1994},
  publisher={Wiley-Blackwell}
}

@article{Hofmeister2014,
author = {Hofmeister, Philip and Vasishth, Shravan},
doi = {10.3389/fpsyg.2014.01237},
journal = {Frontiers in Psychology},
keywords = {Distinctiveness,Encoding,Retrieval,Sentence processing,Similarity},
number = {DEC},
pages = {1--13},
title = {{Distinctiveness and encoding effects in online sentence comprehension}},
volume = {5},
year = {2014}
}

@article{Jager2017,
author = {J{\"{a}}ger, Lena A. and Engelmann, Felix and Vasishth, Shravan},
doi = {10.1016/j.jml.2017.01.004},
journal = {Journal of Memory and Language},
keywords = {Agreement,Bayesian meta-analysis,Cue-based retrieval,Interference,Reflexives,Syntactic dependency processing},
mendeley-groups = {Sentence Processing},
pages = {316--339},
title = {{Similarity-based interference in sentence comprehension: Literature review and Bayesian meta-analysis}},
volume = {94},
year = {2017}
}

@article{Gordon2006,
author={Gordon, Peter C and Hendrick, Randall and Johnson, Marcus and Lee, Yoonhyoung},
doi = {10.1037/0278-7393.32.6.1304},
journal = {Journal of Experimental Psychology: Learning Memory and Cognition},
keywords = {Comprehension,Eye tracking,Interference,Language,Memory,Parsing},
number = {6},
pages = {1304--1321},
title = {{Similarity-based interference during language comprehension: Evidence from eye tracking during reading}},
volume = {32},
year = {2006}
}










